@misc{Pos023,
author = {PostgreSQL},
title = {{Postgresql}},
url = {https://www.postgresql.org.pl/},
urldate = {2023-11-04}
}
@misc{Doc2023,
    author = {Docer},
    title = {{Docker}},
    url = {https://www.docker.com/},
    urldate = {2023-11-04}
}
@misc{Sym2023,
    author = {Symfony},
    title = {{Symfony}},
    url = {https://www.symfony.com/},
    urldate = {2023-11-04}
}
@misc{Php2023,
    author = {PHP},
    title = {{PHP}},
    url = {https://www.php.net/},
    urldate = {2023-11-04}
}
@misc{Nginx2023,
    author = {Nginx},
    title = {{Nginx}},
    url = {https://www.nginx.com/},
    urldate = {2023-11-04}
}
@misc{Bootstrap2023,
    author = {Bootstrap},
    title = {{Bootstrap}},
    url = {https://www.getbootstrap.com/},
    urldate = {2023-11-04}
}
@misc{DocComp2023,
    author = {Docker},
    title = {{Docker Compose}},
    url = {https://docs.docker.com/compose/},
    urldate = {2023-11-04}
}
@misc{Buc2023,
    author = {Bucardo},
    title = {{Bucardo}},
    url = {https://bucardo.org/},
    urldate = {2023-11-04}
}
